<?xml version="1.0" encoding="UTF-8"?><collection xmlns="http://www.loc.gov/MARC21/slim"><record><leader>00382nam--2200121-i-4500</leader><controlfield tag="001">000033675</controlfield><controlfield tag="002">20161230</controlfield><controlfield tag="005">20161230201039</controlfield><controlfield tag="008">060222s1000------------r-----000-0-eng-d</controlfield><datafield ind1=" " ind2=" " tag="080"><subfield code="a">621.385</subfield></datafield><datafield ind1=" " ind2=" " tag="245"><subfield code="a">Mullard technical handbook. book 2: valves and tubes. part. 4: transmitting and industrial heating tubes</subfield></datafield><datafield ind1=" " ind2=" " tag="260"><subfield code="a">London, Central Technical Services, 1971, Pag.Dif</subfield></datafield><datafield ind1=" " ind2=" " tag="852"><subfield code="a">35559</subfield></datafield></record></collection>